<?xml version="1.0" encoding="UTF-8"?><collection xmlns="http://www.loc.gov/MARC21/slim"><record><leader>00448nam--2200133-i-4500</leader><controlfield tag="001">000044598</controlfield><controlfield tag="002">20161230</controlfield><controlfield tag="005">20161230201044</controlfield><controlfield tag="008">060222s1000------------r-----000-0-eng-d</controlfield><datafield ind1=" " ind2=" " tag="080"><subfield code="a">66.04</subfield></datafield><datafield ind1=" " ind2=" " tag="100"><subfield code="a">Thomander, Ture</subfield></datafield><datafield ind1=" " ind2=" " tag="245"><subfield code="a">Viewpoints concerning the design and construction of high-temperature furnaces heated with electrical resistance elements</subfield></datafield><datafield ind1=" " ind2=" " tag="260"><subfield code="a">Hallstammar, Aktiebolaget Kanthal, 1970, 19 P. + 19 Fig. + Appendice</subfield></datafield><datafield ind1=" " ind2=" " tag="852"><subfield code="a">32531</subfield></datafield></record></collection>